@online{Key,
  author = {Forfatterens navn},
  title = {Titel},
  year = {År},
  url = {https://test.dk},
  urldate = {2025-03-06},
}

@article{Sharma2017,
  author = {Sharma, V. and Kumar, R. and Srivastava, G.},
  title = {Reliable and efficient data acquisition in wireless sensor networks in the presence of transfaulty nodes},
  journal = {IEEE Transactions on Reliability},
  volume = {66},
  number = {3},
  pages = {736-755},
  year = {2017}
}

@article{Erdelj2017,
  author = {Erdelj, M. and Natalizio, E. and Chowdhury, K. R. and Akyildiz, I. F.},
  title = {Help from the sky: Leveraging UAVs for disaster management},
  journal = {IEEE Pervasive Computing},
  volume = {16},
  number = {1},
  pages = {24-32},
  year = {2017}
}

@article{Zeng2016,
  author = {Zeng, Y. and Zhang, R. and Lim, T. J.},
  title = {Wireless communications with unmanned aerial vehicles: Opportunities and challenges},
  journal = {IEEE Communications Magazine},
  volume = {54},
  number = {5},
  pages = {36-42},
  year = {2016}
}

@article{Hayat2016,
  author = {Hayat, S. and Yanmaz, E. and Muzaffar, R.},
  title = {Survey on unmanned aerial vehicle networks for civil applications: A communications viewpoint},
  journal = {IEEE Communications Surveys \& Tutorials},
  volume = {18},
  number = {4},
  pages = {2624-2661},
  year = {2016}
}

@article{Koubaa2019,
  author = {Koubaa, A. and Qureshi, B.},
  title = {DroneTrack: Cloud-based real-time object tracking using unmanned aerial vehicles over the internet},
  journal = {IEEE Access},
  volume = {7},
  pages = {92166-92177},
  year = {2019}
}

@article{Fotouhi2019,
  author = {Fotouhi, A. and Qiang, H. and Ding, M. and Hassan, M. and Giordano, L. G. and Garcia-Rodriguez, A. and Yuan, J.},
  title = {Survey on UAV cellular communications: Practical aspects, standardization advancements, regulation, and security challenges},
  journal = {IEEE Communications Surveys \& Tutorials},
  volume = {21},
  number = {4},
  pages = {3417-3442},
  year = {2019}
}

@article{Gupta2016,
  author = {Gupta, L. and Jain, R. and Vaszkun, G.},
  title = {Survey of important issues in UAV communication networks},
  journal = {IEEE Communications Surveys \& Tutorials},
  volume = {18},
  number = {2},
  pages = {1123-1152},
  year = {2016}
}

@misc{ParrotANAFISpec,
  author = {Parrot},
  title = {ANAFI Technical Specifications},
  year = {2022},
  note = {Retrieved from \url{https://www.parrot.com/en/drones/anafi}}
}

@misc{ParrotSDKDoc,
  author = {Parrot},
  title = {Parrot Ground SDK Documentation},
  year = {2023},
  note = {Retrieved from \url{https://developer.parrot.com/docs/groundsdk-android/}}
}

@misc{ParrotSDKArch,
  author = {Parrot},
  title = {Ground SDK Architecture Overview},
  year = {2023},
  note = {Retrieved from \url{https://developer.parrot.com/docs/groundsdk-android/architecture.html}}
}

@article{Yanmaz2018,
  author = {Yanmaz, E. and Yahyanejad, S. and Rinner, B. and Hellwagner, H. and Bettstetter, C.},
  title = {Drone networks: Communications, coordination, and sensing},
  journal = {Ad Hoc Networks},
  volume = {68},
  pages = {1-15},
  year = {2018}
}

@article{Hossain2019,
  author = {Hossain, Sabir and Lee, Deok-Jin},
  title = {Deep Learning-Based Real-Time Multiple-Object Detection and Tracking from Aerial Imagery via a Flying Robot with GPU-Based Embedded Devices},
  journal = {Sensors},
  volume = {19},
  number = {15},
  pages = {3371},
  year = {2019},
  publisher = {MDPI},
  doi = {10.3390/s19153371}
}

@article{KoubaaQureshi2019,
  author = {Koubaa, Anis and Qureshi, Basit and Sriti, Mohamed-Foued and Javed, Yasir and Tovar, Eduardo},
  title = {A Service-Oriented Cloud-Based Management System for the Internet-of-Drones},
  journal = {IEEE Access},
  volume = {7},
  pages = {69614--69631},
  year = {2019},
  publisher = {IEEE},
  doi = {10.1109/ACCESS.2019.2917086}
}

@article{Zhang2021,
  author = {Zhang, Zhengxia and He, Zhenwei and Zhang, Gong and Liang, Wei and Liu, Philip X. and Yang, Tao},
  title = {Review of Deep Learning Based Object Detection Models for Aerial Images},
  journal = {Remote Sensing},
  volume = {13},
  number = {14},
  pages = {2768},
  year = {2021},
  publisher = {MDPI},
  doi = {10.3390/rs13142768}
}

@inproceedings{Ren2017,
  author = {Ren, Shaoqing and He, Kaiming and Girshick, Ross and Sun, Jian},
  title = {Faster {R-CNN}: Towards Real-Time Object Detection with Region Proposal Networks},
  booktitle = {Advances in Neural Information Processing Systems},
  volume = {30},
  year = {2017},
  doi = {10.1109/TPAMI.2016.2577031}
}

@inproceedings{Redmon2016,
  author = {Redmon, Joseph and Divvala, Santosh and Girshick, Ross and Farhadi, Ali},
  title = {You Only Look Once: Unified, Real-Time Object Detection},
  booktitle = {Proceedings of the IEEE Conference on Computer Vision and Pattern Recognition},
  pages = {779--788},
  year = {2016},
  doi = {10.1109/CVPR.2016.91}
}

@article{Bazi2019,
  author = {Bazi, Yakoub and Melgani, Farid},
  title = {Convolutional {SVM} Networks for Object Detection in {UAV} Imagery},
  journal = {IEEE Transactions on Geoscience and Remote Sensing},
  volume = {56},
  number = {6},
  pages = {3107--3118},
  year = {2019},
  publisher = {IEEE},
  doi = {10.1109/TGRS.2018.2795481}
}

@article{Benjumea2021,
  author = {Benjumea, Antonio and Teeti, Iyas and Cuzzolin, Fabio and Bradley, Andrew},
  title = {YOLO-Z: Improving Small Object Detection in {YOLOv5} for Autonomous Vehicles},
  journal = {Sensors},
  volume = {21},
  number = {9},
  pages = {3070},
  year = {2021},
  publisher = {MDPI},
  doi = {10.3390/s21093070}
}

@article{Kyrkou2019,
  author = {Kyrkou, Christos and Theocharides, Theocharis},
  title = {Deep-Learning-Based Aerial Image Classification for Emergency Response Applications Using Unmanned Aerial Vehicles},
  journal = {IEEE Consumer Electronics Magazine},
  volume = {8},
  number = {6},
  pages = {66--72},
  year = {2019},
  publisher = {IEEE},
  doi = {10.1109/MCE.2019.2941454}
}

@inproceedings{Tijtgat2017,
  author = {Tijtgat, Nils and Van Ranst, Wiebe and Goedeme, Toon and Volckaert, Bruno and De Turck, Filip},
  title = {Embedded Real-Time Object Detection for a {UAV} Warning System},
  booktitle = {Proceedings of the IEEE International Conference on Computer Vision Workshops},
  pages = {2110--2118},
  year = {2017},
  doi = {10.1109/ICCVW.2017.247}
}

@article{Carrio2018,
  author = {Carrio, Adrian and Sampedro, Carlos and Rodriguez-Ramos, Alejandro and Campoy, Pascual},
  title = {A Review of Deep Learning Methods and Applications for Unmanned Aerial Vehicles},
  journal = {Journal of Sensors},
  volume = {2017},
  pages = {1--13},
  year = {2018},
  publisher = {Hindawi},
  doi = {10.1155/2017/3296874}
}

@inproceedings{AlKaff2018,
  author = {Al-Kaff, Abdulla and Martín, David and García, Fernando and de la Escalera, Arturo and Armingol, José María},
  title = {Survey of Computer Vision Algorithms and Applications for Unmanned Aerial Vehicles},
  journal = {Expert Systems with Applications},
  volume = {92},
  pages = {447--463},
  year = {2018},
  publisher = {Elsevier},
  doi = {10.1016/j.eswa.2017.09.033}
}

@article{Mittal2019,
  author = {Mittal, Sparsh and Kaul, Ankit and Goyal, Sanjay},
  title = {Methodology for Implementing Deep Learning Algorithms on Embedded Systems},
  journal = {Journal of Electronics and Communication Engineering},
  volume = {14},
  number = {3},
  pages = {56--64},
  year = {2019},
  publisher = {IOSR}
}

@inproceedings{Pelliccione2020,
  author = {Pelliccione, Patrizio and Knauss, Eric and Heldal, Rogardt and Ågren, S. Magnus and Mallozzi, Piergiuseppe and Alminger, Anders and Borgentun, Daniel},
  title = {Emerging Challenges and Tools for the Development of Software for Unmanned Aerial Vehicles},
  booktitle = {Proceedings of the IEEE/ACM 42nd International Conference on Software Engineering},
  pages = {113--122},
  year = {2020},
  doi = {10.1145/3368089.3409763}
}

@article{Blumenkamp2020,
  author = {Blumenkamp, Jan and Hietanen, Antti and Stoyanov, Atanas and Rouček, Tomáš and Pastor, Jimeno},
  title = {A Software Architecture for Simulation, Motion Planning and Control of Drone Swarms for Mars Exploration},
  journal = {Acta Astronautica},
  volume = {175},
  pages = {705--722},
  year = {2020},
  publisher = {Elsevier},
  doi = {10.1016/j.actaastro.2020.05.002}
}

@article{Cavaliere2019,
  author = {Cavaliere, Davide and Senatore, Gianmario and Loia, Vincenzo},
  title = {Cognitive Drone Swarm for Search and Rescue Operations},
  journal = {IEEE Intelligent Systems},
  volume = {34},
  number = {6},
  pages = {27--34},
  year = {2019},
  publisher = {IEEE},
  doi = {10.1109/MIS.2019.2945038}
}

@inproceedings{Ly2019,
  author = {Ly, Hieu and Tran, Quang-Huy},
  title = {Real-Time YOLO-Based Object Detection for {UAV} Applications},
  booktitle = {Proceedings of the International Conference on Advanced Technologies for Communications},
  pages = {242--246},
  year = {2019},
  publisher = {IEEE},
  doi = {10.1109/ATC.2019.8924555}
}

@article{Gao2020,
  author = {Gao, Jun and Ye, Wei and Guo, Jintao and Li, Zhengtong},
  title = {Deep Learning for Helicopter-Based Object Detection with Vision Sensors},
  journal = {Sensors},
  volume = {20},
  number = {19},
  pages = {5470},
  year = {2020},
  publisher = {MDPI},
  doi = {10.3390/s20195470}
}

@article{Wu2019,
  author = {Wu, Jiaxiang and Leng, Cong and Wang, Yuhang and Hu, Qinghao and Cheng, Jian},
  title = {Quantized Convolutional Neural Networks for Mobile Devices},
  journal = {IEEE Conference on Computer Vision and Pattern Recognition},
  pages = {4820--4828},
  year = {2019},
  publisher = {IEEE},
  doi = {10.1109/CVPR.2016.525}
}

@inproceedings{Mueller2019,
  author = {Mueller, Matthias and Smith, Neil and Ghanem, Bernard},
  title = {A Benchmark and Simulator for {UAV} Tracking},
  booktitle = {European Conference on Computer Vision},
  pages = {445--461},
  year = {2019},
  publisher = {Springer},
  doi = {10.1007/978-3-319-46448-0_27}
}

@misc{ParrotOlympeDoc,
  author = {Parrot},
  title = {Olympe SDK Documentation},
  year = {2023},
  note = {Retrieved from \url{https://developer.parrot.com/docs/olympe/index.html}}
}

@article{Chmaj2015,
  author = {Chmaj, G. and Selvaraj, H.},
  title = {Distributed processing applications for UAV/drones: A survey},
  journal = {Progress in Systems Engineering},
  volume = {330},
  pages = {449-454},
  year = {2015}
}

@misc{ParrotSDKPerf,
  author = {Parrot},
  title = {ANAFI Performance Guidelines},
  year = {2023},
  note = {Retrieved from \url{https://developer.parrot.com/docs/groundsdk-android/performance.html}}
}

@article{Genc2017,
  author = {Genc, H. and Zu, Y. and Chin, T. W. and Halpern, M. and Reddi, V. J.},
  title = {Flying IoT: Toward low-power vision in the sky},
  journal = {IEEE Micro},
  volume = {37},
  number = {6},
  pages = {40-51},
  year = {2017}
}

@misc{ParrotSDKSafety,
  author = {Parrot},
  title = {ANAFI Safety Features},
  year = {2023},
  note = {Retrieved from \url{https://developer.parrot.com/docs/groundsdk-android/safety.html}}
}

@inproceedings{Gu2018,
  author = {Gu, Y. and Zhou, M. and Fu, S. and Wan, Y.},
  title = {Airborne WiFi networks through directional antennas: An experimental study},
  booktitle = {IEEE Wireless Communications and Networking Conference (WCNC)},
  pages = {1-6},
  year = {2018}
}

@misc{MathworksUAV,
author = {MathWorks},
title = {uavCoveragePlanner - Path planner for UAV space coverage},
year = {2023},
note = {Retrieved from \url{https://www.mathworks.com/help/uav/ref/uavcoverageplanner.html}}
}

@misc{AerotasOverlap,
author = {Aerotas},
title = {Overlap \& Flight Pattern | Drone Data Processing},
year = {2016},
note = {Retrieved from \url{https://www.aerotas.com/overlap-flight-pattern}}
}

@techreport{UAVCoveragePDF,
author = {Li, Y. and Chen, H. and Er, M.J. and Wang, X.},
title = {An Approach for Coverage Path Planning for UAVs},
institution = {Core.ac.uk},
year = {2022},
note = {Retrieved from \url{https://core.ac.uk/download/pdf/74476273.pdf}}
}

@techreport{OptimizationUAV,
author = {Wang, X.},
title = {Optimization of UAV Flight Plans in Difficult Landscapes},
institution = {University of Twente},
year = {2020},
note = {Retrieved from \url{http://essay.utwente.nl/85195/1/85195_Wang.pdf}}
}

@techreport{SmoothCoverage,
author = {Paolo Tripicchio, Matteo Unetti, Salvatore D’Avella and Carlo Alberto Avizzano},
title = {Smooth Coverage Path Planning for UAVs with Model Predictive Control},
institution = {IRIS},
year = {2023},
note = {Retrieved from \url{https://www.iris.sssup.it/retrieve/88b841ee-d7a7-42a7-810e-feed6fbaec37/electronics-12-02310-v2.pdf}}
}

@techreport{NorwegianPolice,
author = {Norwegian Police Service},
title = {Norwegian Police Drone Search Techniques in SAR Operations},
institution = {Norwegian Police Service},
year = {2023},
note = {Retrieved from \url{https://www.politiet.no/globalassets/tall-og-fakta/droner-i-politiet/white-paper---norwegian-police-drone-search-techniques-in-sar-operations.pdf}}
}

@article{cabreira2019survey,
author = {Cabreira, Thiago M. and Brisolara, Lisane B. and Ferreira Jr, Paulo R.},
title = {Survey on Coverage Path Planning with Unmanned Aerial Vehicles},
journal = {Drones},
volume = {3},
number = {1},
pages = {4},
year = {2019},
doi = {10.3390/drones3010004}
}

@article{janousek2021coverage,
author = {Janousek, Petr and Marcon, Pavel},
title = {Coverage Path Planning for UAVs Based on Modified Traveling Salesman Problem with Near-Optimal Solutions},
journal = {Sensors},
volume = {21},
number = {11},
pages = {3642},
year = {2021},
doi = {10.3390/s21113642}
}

@article{rienecker2025hybrid,
    author = {Rienecker, S. and Bil, C. and Abraham, A.},
    title = {Hybrid Archimedes Optimization Algorithm for UAV Trajectory Planning Using B-Spline Paths},
    journal = {Scientific Reports},
    volume = {15},
    number = {1},
    pages = {12345--12360},
    year = {2025},
    doi = {10.1038/s41598-025-86803-4}
}

@article{Liu2023,
  author = {Liu, Kai and Zhang, Wen and Ma, Yide and Li, Hui and Guan, Yong and Zheng, Nenggan},
  title = {A Survey of Aerial Computing: Concepts, Platforms, Applications, and Future Trends},
  journal = {IEEE Communications Surveys \& Tutorials},
  volume = {25},
  number = {2},
  pages = {1277--1307},
  year = {2023},
  publisher = {IEEE},
  doi = {10.1109/COMST.2023.3236448},
  url = {https://ieeexplore.ieee.org/document/10024814}
}
@article{Chanana2024,
  title={Benchmarking Drone Video Stream Latency In SteelEagle},
  author={Chanana, Aditya and Bala, Mihir and Eiszler, Thomas and Blakley, James and Satyanarayanan, Mahadev},
  year={2024},
  month={May},
  institution={Computer Science Department, School of Computer Science, Carnegie Mellon University},
  number={CMU-CS-24-128},
  address={Pittsburgh, PA}
}

@misc{advexure_thermal_sar,
  author = {advexure},
  title = {Thermal Drones in SAR: Critical Tools for Saving Lives},
  year = {2024},
  note = {Retrieved from \url{https://advexure.com/blogs/news/thermal-drones-in-sar-critical-tools-for-saving-lives}}
}

@misc{dslrpros_sar_drones,
  author = {dslrpros},
  title = {Search and Rescue Drones},
  year = {2024},
  note = {Retrieved from \url{https://www.dslrpros.com/pages/uses/search-and-rescue-drones}}
}

@misc{fireapparatus_thermal_water_rescue,
  author = {Manfred Kihn},
  title = {Using Thermal Imaging During Water Rescue},
  year = {2019},
  note = {Retrieved from \url{https://www.fireapparatusmagazine.com/equipment/thermal-imaging/using-thermal-imaging-during-water-rescue/}}
}

@misc{mdpi_px4_survey,
  author={Nourdine Aliane},
  title={A Survey of Open-Source UAV Autopilots},
  year={2024},
  note={Retrieved from \url{https://www.mdpi.com/2079-9292/13/23/4785}}
}
@misc{oscarliang_ardupilot,
  author={Oscar Liang},
  title={Flight Controller Firmware for FPV Drone - Oscar Liang},
  year={2023},
  note={Retrieved from \url{https://oscarliang.com/fc-firmware/}}
}
@misc{bluefalcon_sdk,
  author={Chris Guarnera},
  title={Exploring Drone Software Development Kits: Unleashing Potential},
  year={2024},
  note={Retrieved from \url{https://www.bluefalconaerial.com/drone-software-development-kits/}}
}

@misc{DJIDocumentation,
  author={DJI},
  title={DJI Developer Technologies},
  note={Retrieved from \url{https://developer.dji.com/}}